@Manual{R-base,
  title = {R: A Language and Environment for Statistical Computing},
  author = {{R Core Team}},
  organization = {R Foundation for Statistical Computing},
  address = {Vienna, Austria},
  year = {2021},
  url = {https://www.R-project.org/},
}
@Manual{R-papaja,
  author = {Frederik Aust and Marius Barth},
  title = {{papaja}: {Create} {APA} manuscripts with {R Markdown}},
  year = {2020},
  note = {R package version 0.1.0.9997},
  url = {https://github.com/crsh/papaja},
}
@Manual{R-kableExtra,
  title = {kableExtra: Construct Complex Table with 'kable' and Pipe Syntax},
  author = {Hao Zhu},
  year = {2021},
  note = {R package version 1.3.4},
  url = {https://CRAN.R-project.org/package=kableExtra},
}
@Article{R-tidyverse,
  title = {Welcome to the {tidyverse}},
  author = {Hadley Wickham and Mara Averick and Jennifer Bryan and Winston Chang and Lucy D'Agostino McGowan and Romain François and Garrett Grolemund and Alex Hayes and Lionel Henry and Jim Hester and Max Kuhn and Thomas Lin Pedersen and Evan Miller and Stephan Milton Bache and Kirill Müller and Jeroen Ooms and David Robinson and Dana Paige Seidel and Vitalie Spinu and Kohske Takahashi and Davis Vaughan and Claus Wilke and Kara Woo and Hiroaki Yutani},
  year = {2019},
  journal = {Journal of Open Source Software},
  volume = {4},
  number = {43},
  pages = {1686},
  doi = {10.21105/joss.01686},
}

@Manual{R-dmetar,
    title = {dmetar: Companion R Package For The Guide 'Doing Meta-Analysis in R'},
    author = {Mathias Harrer and Pim Cuijpers and Toshi Furukawa and David Daniel Ebert},
    year = {2019},
    note = {R package version 0.0.9000},
    url = {http://dmetar.protectlab.org/},
  }

@Article{R-meta,
    title = {How to perform a meta-analysis with {R}: a practical tutorial},
    author = {Sara Balduzzi and Gerta Rücker and Guido Schwarzer},
    journal = {Evidence-Based Mental Health},
    year = {2019},
    number = {22},
    pages = {153--160},
    url = {https://doi.org/10.1136/ebmental-2019-300117}
  }

@Article{R-metafor,
    title = {Conducting meta-analyses in {R} with the {metafor} package},
    author = {Wolfgang Viechtbauer},
    journal = {Journal of Statistical Software},
    year = {2010},
    volume = {36},
    number = {3},
    pages = {1--48},
    url = {https://doi.org/10.18637/jss.v036.i03},
  }

@Manual{R-rcolorbrewer,
    title = {RColorBrewer: ColorBrewer Palettes},
    author = {Erich Neuwirth},
    year = {2014},
    note = {R package version 1.1-2},
    url = {https://CRAN.R-project.org/package=RColorBrewer},
  }

@Manual{R-robvis,
    title = {robvis: An R package and web application for visualising risk-of-bias assessments},
    author = {Luke A McGuinness},
    year = {2019},
    url = {https://github.com/mcguinlu/robvis},
  }

@Manual{R-weightr,
    title = {weightr: Estimating Weight-Function Models for Publication Bias},
    author = {Kathleen M. Coburn and Jack L. Vevea},
    year = {2019},
    note = {R package version 2.0.2},
    url = {https://CRAN.R-project.org/package=weightr},
  }

@Manual{R-computees,
    title = {compute.es: Compute Effect Sizes},
    author = {A. C. Del Re},
    journal = {R Package},
    year = {2013},
    url = {https://cran.r-project.org/package=compute.es},
  }
